\begin{thebibliography}{10}
\providecommand{\url}[1]{\texttt{#1}}
\providecommand{\urlprefix}{URL }
\expandafter\ifx\csname urlstyle\endcsname\relax
  \providecommand{\doi}[1]{doi:\discretionary{}{}{}#1}\else
  \providecommand{\doi}{doi:\discretionary{}{}{}\begingroup
  \urlstyle{rm}\Url}\fi
\providecommand{\bibAnnoteFile}[1]{%
  \IfFileExists{#1}{\begin{quotation}\noindent\textsc{Key:} #1\\
  \textsc{Annotation:}\ \input{#1}\end{quotation}}{}}
\providecommand{\bibAnnote}[2]{%
  \begin{quotation}\noindent\textsc{Key:} #1\\
  \textsc{Annotation:}\ #2\end{quotation}}
\providecommand{\eprint}[2][]{\url{#2}}

\bibitem{benjamini1995controlling}
Benjamini Y, Hochberg Y (1995) Controlling the false discovery rate: a
  practical and powerful approach to multiple testing.
\newblock Journal of the Royal Statistical Society Series B (Methodological) :
  289--300.
\bibAnnoteFile{benjamini1995controlling}

\bibitem{greenland1991empirical}
Greenland S, Robins JM (1991) Empirical-bayes adjustments for multiple
  comparisons are sometimes useful.
\newblock Epidemiology : 244--251.
\bibAnnoteFile{greenland1991empirical}

\bibitem{efron2001empirical}
Efron B, Tibshirani R, Storey JD, Tusher V (2001) Empirical bayes analysis of a
  microarray experiment.
\newblock Journal of the American statistical association 96: 1151--1160.
\bibAnnoteFile{efron2001empirical}

\bibitem{efron2002empirical}
Efron B, Tibshirani R (2002) Empirical bayes methods and false discovery rates
  for microarrays.
\newblock Genetic epidemiology 23: 70--86.
\bibAnnoteFile{efron2002empirical}

\bibitem{efron2003robbins}
Efron B, et~al. (2003) Robbins, empirical bayes and microarrays.
\newblock The annals of Statistics 31: 366--378.
\bibAnnoteFile{efron2003robbins}

\bibitem{efron2008microarrays}
Efron B (2008) Microarrays, empirical bayes and the two-groups model.
\newblock Statistical Science 23: 1--22.
\bibAnnoteFile{efron2008microarrays}

\bibitem{efron2010large}
Efron B (2010) Large-scale inference: empirical Bayes methods for estimation,
  testing, and prediction, volume~1.
\newblock Cambridge University Press.
\bibAnnoteFile{efron2010large}

\bibitem{kendziorski2003parametric}
Kendziorski C, Newton M, Lan H, Gould M (2003) On parametric empirical bayes
  methods for comparing multiple groups using replicated gene expression
  profiles.
\newblock Statistics in medicine 22: 3899--3914.
\bibAnnoteFile{kendziorski2003parametric}

\bibitem{newton2004detecting}
Newton MA, Noueiry A, Sarkar D, Ahlquist P (2004) Detecting differential gene
  expression with a semiparametric hierarchical mixture method.
\newblock Biostatistics 5: 155--176.
\bibAnnoteFile{newton2004detecting}

\bibitem{datta2005empirical}
Datta S, Datta S (2005) Empirical bayes screening of many p-values with
  applications to microarray studies.
\newblock Bioinformatics 21: 1987--1994.
\bibAnnoteFile{datta2005empirical}

\bibitem{muralidharan2010empirical}
Muralidharan O (2010) An empirical bayes mixture method for effect size and
  false discovery rate estimation.
\newblock The Annals of Applied Statistics : 422--438.
\bibAnnoteFile{muralidharan2010empirical}

\bibitem{benjamini2005false}
Benjamini Y, Yekutieli D (2005) False discovery rate--adjusted multiple
  confidence intervals for selected parameters.
\newblock Journal of the American Statistical Association 100: 71--81.
\bibAnnoteFile{benjamini2005false}

\bibitem{zhao2012empirical}
Zhao Z, Gene~Hwang J (2012) Empirical bayes false coverage rate controlling
  confidence intervals.
\newblock Journal of the Royal Statistical Society: Series B (Statistical
  Methodology) 74: 871--891.
\bibAnnoteFile{zhao2012empirical}

\bibitem{gelman2012we}
Gelman A, Hill J, Yajima M (2012) Why we (usually) don't have to worry about
  multiple comparisons.
\newblock Journal of Research on Educational Effectiveness 5: 189--211.
\bibAnnoteFile{gelman2012we}

\bibitem{efron2007correlation}
Efron B (2007) Correlation and large-scale simultaneous significance testing.
\newblock Journal of the American Statistical Association 102.
\bibAnnoteFile{efron2007correlation}

\bibitem{leek:2007}
Leek JT, Storey JD (2007) Capturing heterogeneity in gene expression studies by
  surrogate variable analysis.
\newblock PLoS Genet 3: 1724-35.
\bibAnnoteFile{leek:2007}

\bibitem{dempster77}
Dempster AP, Laird NM, Rubin DB (1977) Maximum likelihood estimation from
  incomplete data via the {EM} algorithm (with discussion).
\newblock Journal of the Royal Statistical Society, series B 39: 1--38.
\bibAnnoteFile{dempster77}

\bibitem{tukey1991philosophy}
Tukey JW (1991) The philosophy of multiple comparisons.
\newblock Statistical science : 100--116.
\bibAnnoteFile{tukey1991philosophy}

\bibitem{tukey1962future}
Tukey JW (1962) The future of data analysis.
\newblock The Annals of Mathematical Statistics : 1--67.
\bibAnnoteFile{tukey1962future}

\bibitem{gelman2000type}
Gelman A, Tuerlinckx F (2000) Type s error rates for classical and bayesian
  single and multiple comparison procedures.
\newblock Computational Statistics 15: 373--390.
\bibAnnoteFile{gelman2000type}

\bibitem{storey.03}
Storey J (2003) The positive false discovery rate: A {Bayesian} interpretation
  and the q-value.
\newblock The Annals of Statistics 31: 2013--2035.
\bibAnnoteFile{storey.03}

\bibitem{wakefield:2009}
Wakefield J (2009) Bayes factors for genome-wide association studies:
  comparison with p-values.
\newblock Genet Epidemiol 33: 79-86.
\bibAnnoteFile{wakefield:2009}

\bibitem{carvalho2010horseshoe}
Carvalho CM, Polson NG, Scott JG (2010) The horseshoe estimator for sparse
  signals.
\newblock Biometrika : asq017.
\bibAnnoteFile{carvalho2010horseshoe}

\bibitem{moser:2015}
Moser G, Lee SH, Hayes BJ, Goddard ME, Wray NR, et~al. (2015) Simultaneous
  discovery, estimation and prediction analysis of complex traits using a
  bayesian mixture model.
\newblock PLoS Genet 11: e1004969.
\bibAnnoteFile{moser:2015}

\bibitem{johnstone2004needles}
Johnstone IM, Silverman BW (2004) Needles and straw in haystacks: Empirical
  bayes estimates of possibly sparse sequences.
\newblock Annals of Statistics : 1594--1649.
\bibAnnoteFile{johnstone2004needles}

\bibitem{cordy1997deconvolution}
Cordy CB, Thomas DR (1997) Deconvolution of a distribution function.
\newblock Journal of the American Statistical Association 92: 1459--1465.
\bibAnnoteFile{cordy1997deconvolution}

\bibitem{xie2012sure}
Xie X, Kou S, Brown LD (2012) Sure estimates for a heteroscedastic hierarchical
  model.
\newblock Journal of the American Statistical Association 107: 1465--1479.
\bibAnnoteFile{xie2012sure}

\bibitem{sarkar:2014}
Sarkar A, Mallick BK, Staudenmayer J, Pati D, Carroll RJ (2014) Bayesian
  semiparametric density deconvolution in the presence of conditionally
  heteroscedastic measurement errors.
\newblock J Comput Graph Stat 23: 1101-1125.
\bibAnnoteFile{sarkar:2014}

\bibitem{koenker2014convex}
Koenker R, Mizera I (2014) Convex optimization, shape constraints, compound
  decisions, and empirical bayes rules.
\newblock Journal of the American Statistical Association 109: 674--685.
\bibAnnoteFile{koenker2014convex}

\bibitem{jiang2009general}
Jiang W, Zhang CH (2009) General maximum likelihood empirical bayes estimation
  of normal means.
\newblock The Annals of Statistics 37: 1647--1684.
\bibAnnoteFile{jiang2009general}

\bibitem{guan.stephens.08}
Guan Y, Stephens M (2008) Practical issues in imputation-based association
  mapping.
\newblock PLoS Genet 4.
\bibAnnoteFile{guan.stephens.08}

\bibitem{devlin1999genomic}
Devlin B, Roeder K (1999) Genomic control for association studies.
\newblock Biometrics 55: 997--1004.
\bibAnnoteFile{devlin1999genomic}

\bibitem{efron2004large}
Efron B (2004) Large-scale simultaneous hypothesis testing: the choice of a
  null hypothesis.
\newblock Journal of the American Statistical Association 99: 96--104.
\bibAnnoteFile{efron2004large}

\bibitem{pritchard.stephens.rosenberg.donnelly.00}
Pritchard JK, Stephens M, Rosenberg NA, Donnelly P (2000) Association mapping
  in structured populations.
\newblock American Journal of Human Genetics 67: 170--181.
\bibAnnoteFile{pritchard.stephens.rosenberg.donnelly.00}

\bibitem{price:2006}
Price AL, Patterson NJ, Plenge RM, Weinblatt ME, Shadick NA, et~al. (2006)
  Principal components analysis corrects for stratification in genome-wide
  association studies.
\newblock Nat Genet 38: 904-9.
\bibAnnoteFile{price:2006}

\bibitem{gagnon2012using}
Gagnon-Bartsch JA, Speed TP (2012) Using control genes to correct for unwanted
  variation in microarray data.
\newblock Biostatistics 13: 539--552.
\bibAnnoteFile{gagnon2012using}

\bibitem{smyth:2004}
Smyth GK (2004) Linear models and empirical bayes methods for assessing
  differential expression in microarray experiments.
\newblock Stat Appl Genet Mol Biol 3: Article3.
\bibAnnoteFile{smyth:2004}

\bibitem{khintchine1938unimodal}
Khintchine AY (1938) On unimodal distributions.
\newblock Izv Nauchno-Isled Inst Mat Mech Tomsk Gos Univ 2: 1--7.
\bibAnnoteFile{khintchine1938unimodal}

\bibitem{shepp1962symmetric}
Shepp L (1962) Symmetric random walk.
\newblock Transactions of the American Mathematical Society : 144--153.
\bibAnnoteFile{shepp1962symmetric}

\bibitem{feller1971introduction}
Feller W (1971) An introduction to probability and its applications, vol. ii.
\newblock Wiley, New York .
\bibAnnoteFile{feller1971introduction}

\bibitem{varadhan2008simple}
Varadhan R, Roland C (2008) Simple and globally convergent methods for
  accelerating the convergence of any em algorithm.
\newblock Scandinavian Journal of Statistics 35: 335--353.
\bibAnnoteFile{varadhan2008simple}

\bibitem{Rcore:2012}
{R Core Team} (2012) R: A Language and Environment for Statistical Computing.
\newblock R Foundation for Statistical Computing, Vienna, Austria.
\newblock \urlprefix\url{http://www.R-project.org/}.
\newblock Accessed June 3, 2013.
\bibAnnoteFile{Rcore:2012}

\bibitem{ggplot2}
Wickham H (2009) ggplot2: elegant graphics for data analysis.
\newblock Springer New York.
\bibAnnoteFile{ggplot2}

\bibitem{xie2013dynamic}
Xie Y (2013) Dynamic Documents with R and knitr, volume~29.
\newblock CRC Press.
\bibAnnoteFile{xie2013dynamic}

\end{thebibliography}
